@ARTICLE{eleanor:2019,
       author = {{Feinstein}, Adina D. and {Montet}, Benjamin T. and
         {Foreman-Mackey}, Daniel and {Bedell}, Megan E. and
         {Saunders}, Nicholas and {Bean}, Jacob L. and
         {Christiansen}, Jessie L. and {Hedges}, Christina and {Luger}, Rodrigo and
         {Scolnic}, Daniel and {Cardoso}, Jos{\'e} Vin{\'\i}cius de Miranda},
        title = "{eleanor: An Open-source Tool for Extracting Light Curves from the TESS Full-frame Images}",
      journal = {\pasp},
     keywords = {Astrophysics - Instrumentation and Methods for Astrophysics, Astrophysics - Earth and Planetary Astrophysics, Astrophysics - Solar and Stellar Astrophysics},
         year = 2019,
        month = sep,
       volume = {131},
       number = {1003},
        pages = {094502},
          doi = {10.1088/1538-3873/ab291c},
archivePrefix = {arXiv},
       eprint = {1903.09152},
 primaryClass = {astro-ph.IM},
       adsurl = {https://ui.adsabs.harvard.edu/abs/2019PASP..131i4502F},
      adsnote = {Provided by the SAO/NASA Astrophysics Data System}
}



@ARTICLE{tls:2019,
       author = {{Hippke}, Michael and {Heller}, Ren{\'e}},
        title = "{Optimized transit detection algorithm to search for periodic transits of small planets}",
      journal = {\aap},
     keywords = {eclipses, methods: data analysis, planets and satellites: detection, planets and satellites: individual: TRAPPIST-1, methods: statistical, Astrophysics - Earth and Planetary Astrophysics, Astrophysics - Instrumentation and Methods for Astrophysics},
         year = 2019,
        month = mar,
       volume = {623},
          eid = {A39},
        pages = {A39},
          doi = {10.1051/0004-6361/201834672},
archivePrefix = {arXiv},
       eprint = {1901.02015},
 primaryClass = {astro-ph.EP},
       adsurl = {https://ui.adsabs.harvard.edu/abs/2019A&A...623A..39H},
      adsnote = {Provided by the SAO/NASA Astrophysics Data System}
}



@ARTICLE{wotan:2019,
       author = {{Hippke}, Michael and {David}, Trevor J. and {Mulders}, Gijs D. and
         {Heller}, Ren{\'e}},
        title = "{W{\={o}}tan: Comprehensive Time-series Detrending in Python}",
      journal = {\aj},
     keywords = {eclipses, methods: data analysis, methods: statistical, planetary systems, planets and satellites: detection, Astrophysics - Earth and Planetary Astrophysics, Astrophysics - Instrumentation and Methods for Astrophysics},
         year = 2019,
        month = oct,
       volume = {158},
       number = {4},
          eid = {143},
        pages = {143},
          doi = {10.3847/1538-3881/ab3984},
archivePrefix = {arXiv},
       eprint = {1906.00966},
 primaryClass = {astro-ph.EP},
       adsurl = {https://ui.adsabs.harvard.edu/abs/2019AJ....158..143H},
      adsnote = {Provided by the SAO/NASA Astrophysics Data System}
}



@ARTICLE{ricker:2015,
       author = {{Ricker}, George R. and {Winn}, Joshua N. and {Vanderspek}, Roland and
         {Latham}, David W. and {Bakos}, G{\'a}sp{\'a}r {\'A}. and
         {Bean}, Jacob L. and {Berta-Thompson}, Zachory K. and
         {Brown}, Timothy M. and {Buchhave}, Lars and {Butler}, Nathaniel R. and
         {Butler}, R. Paul and {Chaplin}, William J. and {Charbonneau}, David and
         {Christensen-Dalsgaard}, J{\o}rgen and {Clampin}, Mark and
         {Deming}, Drake and {Doty}, John and {De Lee}, Nathan and
         {Dressing}, Courtney and {Dunham}, Edward W. and {Endl}, Michael and
         {Fressin}, Francois and {Ge}, Jian and {Henning}, Thomas and
         {Holman}, Matthew J. and {Howard}, Andrew W. and {Ida}, Shigeru and
         {Jenkins}, Jon M. and {Jernigan}, Garrett and {Johnson}, John Asher and
         {Kaltenegger}, Lisa and {Kawai}, Nobuyuki and {Kjeldsen}, Hans and
         {Laughlin}, Gregory and {Levine}, Alan M. and {Lin}, Douglas and
         {Lissauer}, Jack J. and {MacQueen}, Phillip and {Marcy}, Geoffrey and
         {McCullough}, Peter R. and {Morton}, Timothy D. and {Narita}, Norio and
         {Paegert}, Martin and {Palle}, Enric and {Pepe}, Francesco and
         {Pepper}, Joshua and {Quirrenbach}, Andreas and {Rinehart}, Stephen A. and
         {Sasselov}, Dimitar and {Sato}, Bun'ei and {Seager}, Sara and
         {Sozzetti}, Alessandro and {Stassun}, Keivan G. and {Sullivan}, Peter and
         {Szentgyorgyi}, Andrew and {Torres}, Guillermo and {Udry}, Stephane and
         {Villasenor}, Joel},
        title = "{Transiting Exoplanet Survey Satellite (TESS)}",
      journal = {Journal of Astronomical Telescopes, Instruments, and Systems},
         year = 2015,
        month = jan,
       volume = {1},
          eid = {014003},
        pages = {014003},
          doi = {10.1117/1.JATIS.1.1.014003},
       adsurl = {https://ui.adsabs.harvard.edu/abs/2015JATIS...1a4003R},
      adsnote = {Provided by the SAO/NASA Astrophysics Data System}
}

@ARTICLE{niraula:2020,
       author = {{Niraula}, Prajwal and {de Wit}, Julien and {Rackham}, Benjamin V. and
         {Ducrot}, Elsa and {Burdanov}, Artem and {Crossfield}, Ian J.~M. and
         {Van Grootel}, Valerie and {Murray}, Catriona and {Garcia}, Lionel J. and
         {Alonso}, Roi and {Beard}, Corey and {Gomez Maqueo Chew}, Yilen and
         {Delrez}, Laetitia and {Demory}, Brice-Olivier and
         {Fulton}, Benjamin J. and {Gillon}, Michael and
         {Gunther}, Maximilian N. and {Howard}, Andrew W. and
         {Issacson}, Howard and {Jehin}, Emmanuel and {Pedersen}, Peter P. and
         {Pozuelos}, Francisco J. and {Queloz}, Didier and
         {Rebolo-Lopez}, Rafael and {Sairam}, Lalitha and {Sebastian}, Daniel and
         {Thompson}, Samantha and {Triaud}, Amaury H.~M.~J.},
        title = "{$\pi$ Earth: a 3.14 days Earth-sized Planet from \textbackslashtextit\{K2\}'s Kitchen served warm by the SPECULOOS Team}",
      journal = {arXiv e-prints},
     keywords = {Astrophysics - Earth and Planetary Astrophysics},
         year = 2020,
        month = jun,
          eid = {arXiv:2006.07308},
        pages = {arXiv:2006.07308},
archivePrefix = {arXiv},
       eprint = {2006.07308},
 primaryClass = {astro-ph.EP},
       adsurl = {https://ui.adsabs.harvard.edu/abs/2020arXiv200607308N},
      adsnote = {Provided by the SAO/NASA Astrophysics Data System}
}


@ARTICLE{socia:2020,
       author = {{Socia}, Quentin J. and {Welsh}, William F. and {Orosz}, Jerome A. and
         {Cochran}, William D. and {Endl}, Michael and {Quarles}, Billy and
         {Short}, Donald R. and {Torres}, Guillermo and {Windmiller}, Gur and
         {Yenawine}, Mitchell},
        title = "{Kepler-1661 b: A Neptune-sized Kepler Transiting Circumbinary Planet around a Grazing Eclipsing Binary}",
      journal = {\aj},
     keywords = {Astrophysics - Solar and Stellar Astrophysics, Astrophysics - Earth and Planetary Astrophysics},
         year = 2020,
        month = mar,
       volume = {159},
       number = {3},
          eid = {94},
        pages = {94},
          doi = {10.3847/1538-3881/ab665b},
archivePrefix = {arXiv},
       eprint = {2001.02840},
 primaryClass = {astro-ph.SR},
       adsurl = {https://ui.adsabs.harvard.edu/abs/2020AJ....159...94S},
      adsnote = {Provided by the SAO/NASA Astrophysics Data System}
}

@MISC{lightkurve:2018,
       author = {{Lightkurve Collaboration} and {Cardoso}, Jos{\'e} Vin{\'\i}cius de Mirand
        a and {Hedges}, Christina and {Gully-Santiago}, Michael and
         {Saunders}, Nicholas and {Cody}, Ann Marie and {Barclay}, Thomas and
         {Hall}, Oliver and {Sagear}, Sheila and {Turtelboom}, Emma and
         {Zhang}, Johnny and {Tzanidakis}, Andy and {Mighell}, Ken and
         {Coughlin}, Jeff and {Bell}, Keaton and {Berta-Thompson}, Zach and
         {Williams}, Peter and {Dotson}, Jessie and {Barentsen}, Geert},
        title = "{Lightkurve: Kepler and TESS time series analysis in Python}",
     keywords = {Software, NASA},
         year = 2018,
        month = dec,
          eid = {ascl:1812.013},
        pages = {ascl:1812.013},
archivePrefix = {ascl},
       eprint = {1812.013},
       adsurl = {https://ui.adsabs.harvard.edu/abs/2018ascl.soft12013L},
      adsnote = {Provided by the SAO/NASA Astrophysics Data System}
}

@ARTICLE{eisner:2020,
       author = {{Eisner}, Nora and {Lintott}, Chris and {Aigrain}, Suzanne},
        title = "{LATTE: Lightcurve Analysis Tool for Transiting Exoplanets}",
      journal = {The Journal of Open Source Software},
     keywords = {exoplanets, Python, transit, Jupyter Notebook, astronomy, TESS},
         year = 2020,
        month = may,
       volume = {5},
       number = {49},
          eid = {2101},
        pages = {2101},
          doi = {10.21105/joss.02101},
       adsurl = {https://ui.adsabs.harvard.edu/abs/2020JOSS....5.2101E},
      adsnote = {Provided by the SAO/NASA Astrophysics Data System}
}

@ARTICLE{espinoza:2019,
       author = {{Espinoza}, N{\'e}stor and {Kossakowski}, Diana and {Brahm}, Rafael},
        title = "{juliet: a versatile modelling tool for transiting and non-transiting exoplanetary systems}",
      journal = {\mnras},
     keywords = {methods: data analysis, methods: statistical, techniques: photometric, techniques: radial velocities, planets and satellites: fundamental parameters, planets and satellites: individual: K2-140b, K2-32b, c, d, Astrophysics - Earth and Planetary Astrophysics, 85-XX},
         year = 2019,
        month = dec,
       volume = {490},
       number = {2},
        pages = {2262-2283},
          doi = {10.1093/mnras/stz2688},
archivePrefix = {arXiv},
       eprint = {1812.08549},
 primaryClass = {astro-ph.EP},
       adsurl = {https://ui.adsabs.harvard.edu/abs/2019MNRAS.490.2262E},
      adsnote = {Provided by the SAO/NASA Astrophysics Data System}
}

@ARTICLE{gunther:2020,
       author = {{G{\"u}nther}, Maximilian N. and {Daylan}, Tansu},
        title = "{Allesfitter: Flexible Star and Exoplanet Inference From Photometry and Radial Velocity}",
      journal = {arXiv e-prints},
     keywords = {Astrophysics - Earth and Planetary Astrophysics, Astrophysics - Instrumentation and Methods for Astrophysics, Astrophysics - Solar and Stellar Astrophysics},
         year = 2020,
        month = mar,
          eid = {arXiv:2003.14371},
        pages = {arXiv:2003.14371},
archivePrefix = {arXiv},
       eprint = {2003.14371},
 primaryClass = {astro-ph.EP},
       adsurl = {https://ui.adsabs.harvard.edu/abs/2020arXiv200314371G},
      adsnote = {Provided by the SAO/NASA Astrophysics Data System}
}

@ARTICLE{eastman:2019,
       author = {{Eastman}, Jason D. and {Rodriguez}, Joseph E. and {Agol}, Eric and
         {Stassun}, Keivan G. and {Beatty}, Thomas G. and {Vanderburg}, Andrew and
         {Gaudi}, B. Scott and {Collins}, Karen A. and {Luger}, Rodrigo},
        title = "{EXOFASTv2: A public, generalized, publication-quality exoplanet modeling code}",
      journal = {arXiv e-prints},
     keywords = {Astrophysics - Earth and Planetary Astrophysics, Astrophysics - Instrumentation and Methods for Astrophysics},
         year = 2019,
        month = jul,
          eid = {arXiv:1907.09480},
        pages = {arXiv:1907.09480},
archivePrefix = {arXiv},
       eprint = {1907.09480},
 primaryClass = {astro-ph.EP},
       adsurl = {https://ui.adsabs.harvard.edu/abs/2019arXiv190709480E},
      adsnote = {Provided by the SAO/NASA Astrophysics Data System}
}

@ARTICLE{pozuelos:2020,
       author = {{Pozuelos}, Francisco J. and {Su{\'a}rez}, Juan C. and {de El{\'\i}a}, Gonzalo C. and {Berdi{\~n}as}, Zaira M. and {Bonfanti}, Andrea and {Dugaro}, Agust{\'\i}n and {Gillon}, Micha{\"e}l and {Jehin}, Emmanu{\"e}l and {G{\"u}nther}, Maximilian N. and {Van Grootel}, Val{\'e}rie and {Garcia}, Lionel J. and {Thuillier}, Antoine and {Delrez}, Laetitia and {Rod{\'o}n}, Jose R.},
        title = "{GJ 273: on the formation, dynamical evolution, and habitability of a planetary system hosted by an M dwarf at 3.75 parsec}",
      journal = {\aap},
     keywords = {planets and satellites: dynamical evolution and stability, planets and satellites: formation, Astrophysics - Earth and Planetary Astrophysics, Astrophysics - Solar and Stellar Astrophysics},
         year = 2020,
        month = sep,
       volume = {641},
          eid = {A23},
        pages = {A23},
          doi = {10.1051/0004-6361/202038047},
archivePrefix = {arXiv},
       eprint = {2006.09403},
 primaryClass = {astro-ph.EP},
       adsurl = {https://ui.adsabs.harvard.edu/abs/2020A&A...641A..23P},
      adsnote = {Provided by the SAO/NASA Astrophysics Data System}
}


       
@ARTICLE{aller:2020,
       author = {{Aller}, A. and {Lillo-Box}, J. and {Jones}, D. and {Miranda}, L.~F. and
         {Barcel{\'o} Forteza}, S.},
        title = "{Planetary nebulae seen with TESS: Discovery of new binary central star candidates from Cycle 1}",
      journal = {\aap},
     keywords = {planetary nebulae: general, techniques: photometric, binaries: general, Astrophysics - Solar and Stellar Astrophysics},
         year = 2020,
        month = mar,
       volume = {635},
          eid = {A128},
        pages = {A128},
          doi = {10.1051/0004-6361/201937118},
archivePrefix = {arXiv},
       eprint = {1911.09991},
 primaryClass = {astro-ph.SR},
       adsurl = {https://ui.adsabs.harvard.edu/abs/2020A&A...635A.128A},
      adsnote = {Provided by the SAO/NASA Astrophysics Data System}
}

       

@ARTICLE{sebastian:2021,
       author = {{Sebastian}, D. and {Gillon}, M. and {Ducrot}, E. and {Pozuelos}, F.~J. and {Garcia}, L.~J. and {G{\"u}nther}, M.~N. and {Delrez}, L. and {Queloz}, D. and {Demory}, B.~O. and {Triaud}, A.~H.~M.~J. and {Burgasser}, A. and {de Wit}, J. and {Burdanov}, A. and {Dransfield}, G. and {Jehin}, E. and {McCormac}, J. and {Murray}, C.~A. and {Niraula}, P. and {Pedersen}, P.~P. and {Rackham}, B.~V. and {Sohy}, S. and {Thompson}, S. and {Van Grootel}, V.},
        title = "{SPECULOOS: Ultracool dwarf transit survey. Target list and strategy}",
      journal = {\aap},
     keywords = {planetary systems, stars: low-mass, catalogs, astrobiology, Astrophysics - Earth and Planetary Astrophysics, Astrophysics - Solar and Stellar Astrophysics},
         year = 2021,
        month = jan,
       volume = {645},
          eid = {A100},
        pages = {A100},
          doi = {10.1051/0004-6361/202038827},
archivePrefix = {arXiv},
       eprint = {2011.02069},
 primaryClass = {astro-ph.EP},
       adsurl = {https://ui.adsabs.harvard.edu/abs/2021A&A...645A.100S},
      adsnote = {Provided by the SAO/NASA Astrophysics Data System}
}




@ARTICLE{demory:2020,
       author = {{Demory}, B. -O. and {Pozuelos}, F.~J. and {G{\'o}mez Maqueo Chew}, Y. and
         {Sabin}, L. and {Petrucci}, R. and {Schroffenegger}, U. and
         {Grimm}, S.~L. and {Sestovic}, M. and {Gillon}, M. and {McCormac}, J. and
         {Barkaoui}, K. and {Benz}, W. and {Bieryla}, A. and {Bouchy}, F. and
         {Burdanov}, A. and {Collins}, K.~A. and {de Wit}, J. and
         {Dressing}, C.~D. and {Garcia}, L.~J. and {Giacalone}, S. and
         {Guerra}, P. and {Haldemann}, J. and {Heng}, K. and {Jehin}, E. and
         {Jofr{\'e}}, E. and {Kane}, S.~R. and {Lillo-Box}, J. and
         {Maign{\'e}}, V. and {Mordasini}, C. and {Morris}, B.~M. and
         {Niraula}, P. and {Queloz}, D. and {Rackham}, B.~V. and {Savel}, A.~B. and
         {Soubkiou}, A. and {Srdoc}, G. and {Stassun}, K.~G. and
         {Triaud}, A.~H.~M.~J. and {Zambelli}, R. and {Ricker}, G. and
         {Latham}, D.~W. and {Seager}, S. and {Winn}, J.~N. and
         {Jenkins}, J.~M. and {Calvario-Vel{\'a}squez}, T. and
         {Franco Herrera}, J.~A. and {Colorado}, E. and {Cadena Zepeda}, E.~O. and
         {Figueroa}, L. and {Watson}, A.~M. and {Lugo-Ibarra}, E.~E. and
         {Carigi}, L. and {Guisa}, G. and {Herrera}, J. and
         {Sierra D{\'\i}az}, G. and {Su{\'a}rez}, J.~C. and {Barrado}, D. and
         {Batalha}, N.~M. and {Benkhaldoun}, Z. and {Chontos}, A. and {Dai}, F. and
         {Essack}, Z. and {Ghachoui}, M. and {Huang}, C.~X. and {Huber}, D. and
         {Isaacson}, H. and {Lissauer}, J.~J. and {Morales-Calder{\'o}n}, M. and
         {Robertson}, P. and {Roy}, A. and {Twicken}, J.~D. and {Vand
        erburg}, A. and {Weiss}, L.~M.},
        title = "{A super-Earth and a sub-Neptune orbiting the bright, quiet M3 dwarf TOI-1266}",
      journal = {\aap},
     keywords = {instrumentation: detectors, planets and satellites: detection, Astrophysics - Earth and Planetary Astrophysics},
         year = 2020,
        month = oct,
       volume = {642},
          eid = {A49},
        pages = {A49},
          doi = {10.1051/0004-6361/202038616},
archivePrefix = {arXiv},
       eprint = {2009.04317},
 primaryClass = {astro-ph.EP},
       adsurl = {https://ui.adsabs.harvard.edu/abs/2020A&A...642A..49D},
      adsnote = {Provided by the SAO/NASA Astrophysics Data System}
}

@ARTICLE{sowicka:2017,
       author = {{Sowicka}, Paulina and {Handler}, Gerald and {D{\k{e}}bski}, Bart{\l}omiej and {Jones}, David and {Van de Sande}, Marie and {P{\'a}pics}, P{\'e}ter I.},
        title = "{Search for exoplanets around pulsating stars of A-F type in Kepler short-cadence data and the case of KIC 8197761}",
      journal = {\mnras},
     keywords = {planets and satellites: detection, binaries: eclipsing, stars: individual: KIC 8197761, planetary systems, stars: variables: general, Astrophysics - Solar and Stellar Astrophysics, Astrophysics - Earth and Planetary Astrophysics},
         year = 2017,
        month = jun,
       volume = {467},
       number = {4},
        pages = {4663-4673},
          doi = {10.1093/mnras/stx413},
archivePrefix = {arXiv},
       eprint = {1702.05158},
 primaryClass = {astro-ph.SR},
       adsurl = {https://ui.adsabs.harvard.edu/abs/2017MNRAS.467.4663S},
      adsnote = {Provided by the SAO/NASA Astrophysics Data System}
}



@ARTICLE{sanchis:2015,
       author = {{Sanchis-Ojeda}, R. and {Rappaport}, S. and {Pall{\`e}}, E. and {Delrez}, L. and {DeVore}, J. and {Gandolfi}, D. and {Fukui}, A. and {Ribas}, I. and {Stassun}, K.~G. and {Albrecht}, S. and {Dai}, F. and {Gaidos}, E. and {Gillon}, M. and {Hirano}, T. and {Holman}, M. and {Howard}, A.~W. and {Isaacson}, H. and {Jehin}, E. and {Kuzuhara}, M. and {Mann}, A.~W. and {Marcy}, G.~W. and {Miles-P{\'a}ez}, P.~A. and {Monta{\~n}{\'e}s-Rodr{\'\i}guez}, P. and {Murgas}, F. and {Narita}, N. and {Nowak}, G. and {Onitsuka}, M. and {Paegert}, M. and {Van Eylen}, V. and {Winn}, J.~N. and {Yu}, L.},
        title = "{The K2-ESPRINT Project I: Discovery of the Disintegrating Rocky Planet K2-22b with a Cometary Head and Leading Tail}",
      journal = {\apj},
     keywords = {planetary systems, planets and satellites: atmospheres, planets and satellites: detection, Astrophysics - Earth and Planetary Astrophysics},
         year = 2015,
        month = oct,
       volume = {812},
       number = {2},
          eid = {112},
        pages = {112},
          doi = {10.1088/0004-637X/812/2/112},
archivePrefix = {arXiv},
       eprint = {1504.04379},
 primaryClass = {astro-ph.EP},
       adsurl = {https://ui.adsabs.harvard.edu/abs/2015ApJ...812..112S},
      adsnote = {Provided by the SAO/NASA Astrophysics Data System}
}

@ARTICLE{rappaport:2012,
       author = {{Rappaport}, S. and {Levine}, A. and {Chiang}, E. and {El Mellah}, I. and {Jenkins}, J. and {Kalomeni}, B. and {Kite}, E.~S. and {Kotson}, M. and {Nelson}, L. and {Rousseau-Nepton}, L. and {Tran}, K.},
        title = "{Possible Disintegrating Short-period Super-Mercury Orbiting KIC 12557548}",
      journal = {\apj},
     keywords = {eclipses, occultations, planetary systems, planets and satellites: general, Astrophysics - Earth and Planetary Astrophysics},
         year = 2012,
        month = jun,
       volume = {752},
       number = {1},
          eid = {1},
        pages = {1},
          doi = {10.1088/0004-637X/752/1/1},
archivePrefix = {arXiv},
       eprint = {1201.2662},
 primaryClass = {astro-ph.EP},
       adsurl = {https://ui.adsabs.harvard.edu/abs/2012ApJ...752....1R},
      adsnote = {Provided by the SAO/NASA Astrophysics Data System}
}

@ARTICLE{giacalone:2021,
       author = {{Giacalone}, Steven and {Dressing}, Courtney D. and {Jensen}, Eric L.~N. and {Collins}, Karen A. and {Ricker}, George R. and {Vanderspek}, Roland and {Seager}, S. and {Winn}, Joshua N. and {Jenkins}, Jon M. and {Barclay}, Thomas and {Barkaoui}, Khalid and {Cadieux}, Charles and {Charbonneau}, David and {Collins}, Kevin I. and {Conti}, Dennis M. and {Doyon}, Ren{\'e} and {Evans}, Phil and {Ghachoui}, Mourad and {Gillon}, Micha{\"e}l and {Guerrero}, Natalia M. and {Hart}, Rhodes and {Jehin}, Emmanu{\"e}l and {Kielkopf}, John F. and {McLean}, Brian and {Murgas}, Felipe and {Palle}, Enric and {Parviainen}, Hannu and {Pozuelos}, Francisco J. and {Relles}, Howard M. and {Shporer}, Avi and {Socia}, Quentin and {Stockdale}, Chris and {Tan}, Thiam-Guan and {Torres}, Guillermo and {Twicken}, Joseph D. and {Waalkes}, William C. and {Waite}, Ian A.},
        title = "{Vetting of 384 TESS Objects of Interest with TRICERATOPS and Statistical Validation of 12 Planet Candidates}",
      journal = {\aj},
     keywords = {Exoplanet astronomy, Astrostatistics, Planet hosting stars, Exoplanets, 486, 1882, 1242, 498, Astrophysics - Earth and Planetary Astrophysics, Astrophysics - Instrumentation and Methods for Astrophysics, Astrophysics - Solar and Stellar Astrophysics},
         year = 2021,
        month = jan,
       volume = {161},
       number = {1},
          eid = {24},
        pages = {24},
          doi = {10.3847/1538-3881/abc6af},
archivePrefix = {arXiv},
       eprint = {2002.00691},
 primaryClass = {astro-ph.EP},
       adsurl = {https://ui.adsabs.harvard.edu/abs/2021AJ....161...24G},
      adsnote = {Provided by the SAO/NASA Astrophysics Data System}
}

@ARTICLE{sg:1964,
       author = {{Savitzky}, A. and {Golay}, M.~J.~E.},
        title = "{Smoothing and differentiation of data by simplified least squares procedures}",
      journal = {Analytical Chemistry},
         year = 1964,
        month = jan,
       volume = {36},
        pages = {1627-1639},
       adsurl = {https://ui.adsabs.harvard.edu/abs/1964AnaCh..36.1627S},
      adsnote = {Provided by the SAO/NASA Astrophysics Data System}
}

@ARTICLE{kovacs:2002,
       author = {{Kov{\'a}cs}, G. and {Zucker}, S. and {Mazeh}, T.},
        title = "{A box-fitting algorithm in the search for periodic transits}",
      journal = {\aap},
     keywords = {methods: data analysis, stars: variables: general, stars: planetary systems, occultations, Astrophysics},
         year = 2002,
        month = aug,
       volume = {391},
        pages = {369-377},
          doi = {10.1051/0004-6361:20020802},
archivePrefix = {arXiv},
       eprint = {astro-ph/0206099},
 primaryClass = {astro-ph},
       adsurl = {https://ui.adsabs.harvard.edu/abs/2002A&A...391..369K},
      adsnote = {Provided by the SAO/NASA Astrophysics Data System}
}

@ARTICLE{benni:2020,
       author = {{Benni}, P. and {Burdanov}, A.~Y. and {Krushinsky}, V.~V. and {Bonfanti}, A. and {H{\'e}brard}, G. and {Almenara}, J.~M. and {Dalal}, S. and {Demangeon}, O.~D.~S. and {Tsantaki}, M. and {Pepper}, J. and {Stassun}, K.~G. and {Vanderburg}, A. and {Belinski}, A. and {Kashaev}, F. and {Barkaoui}, K. and {Kim}, T. and {Kang}, W. and {Antonyuk}, K. and {Dyachenko}, V.~V. and {Rastegaev}, D.~A. and {Beskakotov}, A. and {Mitrofanova}, A.~A. and {Pozuelos}, F.~J. and {Popov}, A. and {Kiefer}, F. and {Wilson}, P.~A. and {Ricker}, G. and {Vanderspek}, R. and {Latham}, D.~W. and {Seager}, S. and {Jenkins}, J.~M. and {Sokov}, E. and {Sokova}, I. and {Marchini}, A. and {Papini}, R. and {Salvaggio}, F. and {Banfi}, M. and {Ba{\c{s}}t{\"u}rk}, {\"O}. and {Torun}, {\c{S}}. and {Yal{\c{c}}{\i}nkaya}, S. and {Ivanov}, K. and {Valyavin}, G. and {Jehin}, E. and {Gillon}, M. and {Pak{\v{s}}tien{\.{e}}}, E. and {Hentunen}, V. -P. and {Shadick}, S. and {Bretton}, M. and {W{\"u}nsche}, A. and {Garlitz}, J. and {Jongen}, Y. and {Molina}, D. and {Girardin}, E. and {Grau Horta}, F. and {Naves}, R. and {Benkhaldoun}, Z. and {Joner}, M.~D. and {Spencer}, M. and {Bieryla}, A. and {Stevens}, D.~J. and {Jensen}, E.~L.~N. and {Collins}, K.~A. and {Charbonneau}, D. and {Quintana}, E.~V. and {Mullally}, S.~E. and {Henze}, C.~E.},
        title = "{Discovery of a young low-mass brown dwarf transiting a fast-rotating F-type star by the Galactic Plane eXoplanet (GPX) survey}",
      journal = {arXiv e-prints},
     keywords = {Astrophysics - Solar and Stellar Astrophysics, Astrophysics - Earth and Planetary Astrophysics},
         year = 2020,
        month = sep,
          eid = {arXiv:2009.11899},
        pages = {arXiv:2009.11899},
archivePrefix = {arXiv},
       eprint = {2009.11899},
 primaryClass = {astro-ph.SR},
       adsurl = {https://ui.adsabs.harvard.edu/abs/2020arXiv200911899B},
      adsnote = {Provided by the SAO/NASA Astrophysics Data System}
}

@MISC{morton:2015,
       author = {{Morton}, Timothy D.},
        title = "{VESPA: False positive probabilities calculator}",
     keywords = {Software},
         year = 2015,
        month = mar,
          eid = {ascl:1503.011},
        pages = {ascl:1503.011},
archivePrefix = {ascl},
       eprint = {1503.011},
       adsurl = {https://ui.adsabs.harvard.edu/abs/2015ascl.soft03011M},
      adsnote = {Provided by the SAO/NASA Astrophysics Data System}
}

@ARTICLE{morris:2018,
       author = {{Morris}, Brett M. and {Tollerud}, Erik and {Sip{\H{o}}cz}, Brigitta and {Deil}, Christoph and {Douglas}, Stephanie T. and {Berlanga Medina}, Jazmin and {Vyhmeister}, Karl and {Smith}, Toby R. and {Littlefair}, Stuart and {Price-Whelan}, Adrian M. and {Gee}, Wilfred T. and {Jeschke}, Eric},
        title = "{astroplan: An Open Source Observation Planning Package in Python}",
      journal = {\aj},
     keywords = {methods: numerical, methods: observational, Astrophysics - Instrumentation and Methods for Astrophysics},
         year = 2018,
        month = mar,
       volume = {155},
       number = {3},
          eid = {128},
        pages = {128},
          doi = {10.3847/1538-3881/aaa47e},
archivePrefix = {arXiv},
       eprint = {1712.09631},
 primaryClass = {astro-ph.IM},
       adsurl = {https://ui.adsabs.harvard.edu/abs/2018AJ....155..128M},
      adsnote = {Provided by the SAO/NASA Astrophysics Data System}
}

@ARTICLE{cincotta:2003,
       author = {{Cincotta}, P.~M. and {Giordano}, C.~M. and {Sim{\'o}}, C.},
        title = "{Phase space structure of multi-dimensional systems by means of the mean exponential growth factor of nearby orbits}",
      journal = {Physica D Nonlinear Phenomena},
         year = 2003,
        month = aug,
       volume = {182},
       number = {3-4},
        pages = {151-178},
          doi = {10.1016/S0167-2789(03)00103-9},
       adsurl = {https://ui.adsabs.harvard.edu/abs/2003PhyD..182..151C},
      adsnote = {Provided by the SAO/NASA Astrophysics Data System}
}

@ARTICLE{tamayo:2020,
       author = {{Tamayo}, Daniel and {Cranmer}, Miles and {Hadden}, Samuel and {Rein}, Hanno and {Battaglia}, Peter and {Obertas}, Alysa and {Armitage}, Philip J. and {Ho}, Shirley and {Spergel}, David N. and {Gilbertson}, Christian and {Hussain}, Naireen and {Silburt}, Ari and {Jontof-Hutter}, Daniel and {Menou}, Kristen},
        title = "{Predicting the long-term stability of compact multiplanet systems}",
      journal = {Proceedings of the National Academy of Science},
     keywords = {machine learning, dynamical systems, UAT:498, orbital dynamics, UAT:222, Astrophysics - Earth and Planetary Astrophysics},
         year = 2020,
        month = aug,
       volume = {117},
       number = {31},
        pages = {18194-18205},
          doi = {10.1073/pnas.2001258117},
archivePrefix = {arXiv},
       eprint = {2007.06521},
 primaryClass = {astro-ph.EP},
       adsurl = {https://ui.adsabs.harvard.edu/abs/2020PNAS..11718194T},
      adsnote = {Provided by the SAO/NASA Astrophysics Data System}
}

@ARTICLE{rein:2012,
       author = {{Rein}, H. and {Liu}, S. -F.},
        title = "{REBOUND: an open-source multi-purpose N-body code for collisional dynamics}",
      journal = {\aap},
     keywords = {methods: numerical, planets and satellites: rings, protoplanetary disks, Astrophysics - Earth and Planetary Astrophysics, Astrophysics - Instrumentation and Methods for Astrophysics, Mathematics - Dynamical Systems, Physics - Computational Physics},
         year = 2012,
        month = jan,
       volume = {537},
          eid = {A128},
        pages = {A128},
          doi = {10.1051/0004-6361/201118085},
archivePrefix = {arXiv},
       eprint = {1110.4876},
 primaryClass = {astro-ph.EP},
       adsurl = {https://ui.adsabs.harvard.edu/abs/2012A&A...537A.128R},
      adsnote = {Provided by the SAO/NASA Astrophysics Data System}
}

@ARTICLE{vangrootel:2021,
       author = {{Van Grootel}, V. and {Pozuelos}, F.~J. and {Thuillier}, A. and {Charpinet}, S. and {Delrez}, L. and {Beck}, M. and {Fortier}, A. and {Hoyer}, S. and {Sousa}, S.~G. and {Barlow}, B.~N. and {Billot}, N. and {D{\'e}vora-Pajares}, M. and {{\O}stensen}, R.~H. and {Alibert}, Y. and {Alonso}, R. and {Anglada Escud{\'e}}, G. and {Asquier}, J. and {Barrado}, D. and {Barros}, S.~C.~C. and {Baumjohann}, W. and {Beck}, T. and {Bekkelien}, A. and {Benz}, W. and {Bonfils}, X. and {Brandeker}, A. and {Broeg}, C. and {Bruno}, G. and {B{\'a}rczy}, T. and {Cabrera}, J. and {Cameron}, A.~C. and {Charnoz}, S. and {Davies}, M.~B. and {Deleuil}, M. and {Demangeon}, O.~D.~S. and {Demory}, B. -O. and {Ehrenreich}, D. and {Erikson}, A. and {Fossati}, L. and {Fridlund}, M. and {Futyan}, D. and {Gandolfi}, D. and {Gillon}, M. and {Guedel}, M. and {Heng}, K. and {Isaak}, K.~G. and {Kiss}, L. and {Laskar}, J. and {Lecavelier des Etangs}, A. and {Lendl}, M. and {Lovis}, C. and {Magrin}, D. and {Maxted}, P.~F.~L. and {Mecina}, M. and {Mustill}, A. and {Nascimbeni}, V. and {Olofsson}, G. and {Ottensamer}, R. and {Pagano}, I. and {Pall{\'e}}, E. and {Peter}, G. and {Piotto}, G. and {Plesseria}, J. -Y. and {Pollacco}, D. and {Queloz}, D. and {Ragazzoni}, R. and {Rando}, N. and {Rauer}, H. and {Ribas}, I. and {Santos}, N.~C. and {Scandariato}, G. and {S{\'e}gransan}, D. and {Silvotti}, R. and {Simon}, A.~E. and {Smith}, A.~M.~S. and {Steller}, M. and {Szab{\'o}}, G.~M. and {Thomas}, N. and {Udry}, S. and {Viotto}, V. and {Walton}, N.~A. and {Westerdorff}, K. and {Wilson}, T.~G.},
        title = "{A transit survey to search for planets around hot subdwarfs: I. methods and performance tests on light curves from Kepler, K2, TESS, and CHEOPS}",
      journal = {arXiv e-prints},
     keywords = {Astrophysics - Earth and Planetary Astrophysics, Astrophysics - Solar and Stellar Astrophysics},
         year = 2021,
        month = apr,
          eid = {arXiv:2104.10462},
        pages = {arXiv:2104.10462},
archivePrefix = {arXiv},
       eprint = {2104.10462},
 primaryClass = {astro-ph.EP},
       adsurl = {https://ui.adsabs.harvard.edu/abs/2021arXiv210410462V},
      adsnote = {Provided by the SAO/NASA Astrophysics Data System}
}

@ARTICLE{cincotta:2000,
       author = {{Cincotta}, P.~M. and {Sim{\'o}}, C.},
        title = "{Simple tools to study global dynamics in non-axisymmetric galactic potentials - I}",
      journal = {\aaps},
     keywords = {GALAXIES: DYNAMICS, STELLAR DYNAMICS, METHODS: ANALYTICAL-NUMERICAL, CHAOS},
         year = 2000,
        month = dec,
       volume = {147},
        pages = {205-228},
          doi = {10.1051/aas:2000108},
       adsurl = {https://ui.adsabs.harvard.edu/abs/2000A&AS..147..205C},
      adsnote = {Provided by the SAO/NASA Astrophysics Data System}
}

@article{tamayo:2020,
   title={Predicting the long-term stability of compact multiplanet systems},
   volume={117},
   ISSN={1091-6490},
   url={http://dx.doi.org/10.1073/pnas.2001258117},
   DOI={10.1073/pnas.2001258117},
   number={31},
   journal={Proceedings of the National Academy of Sciences},
   publisher={Proceedings of the National Academy of Sciences},
   author={Tamayo, Daniel and Cranmer, Miles and Hadden, Samuel and Rein, Hanno and Battaglia, Peter and Obertas, Alysa and Armitage, Philip J. and Ho, Shirley and Spergel, David N. and Gilbertson, Christian and et al.},
   year={2020},
   month={Jul},
   pages={18194–18205}
}
